@book{so,
author = {Silberschatz, Galvin, Gagne},
title = {Fundamentos de sistemas operativos},
date = {2005},
OPTedition = {7},
}
